@misc{xss,
	title = "Co je Cross-site scripting jak mu předcházet",
	author = "Jan Pej{\v s}a",
	HOWPUBLISHED = "http://zdrojak.root.cz/clanky/co-je-xss-jak-mu-predchazet/",
	note = "[cit. 2012-05-05]",
	year = "2009"
}

@misc{notorm,
	title = "NotORM je rychlejší než Doctrine 2 i Dibi",
	author = "Jakub Vrána",
	url = "http://php.vrana.cz/notorm-je-rychlejsi-nez-doctrine-2-i-dibi.php",
	note = "[cit. 2012-05-05]",
	year = "2010"
}

@misc{netteModel,
	title = "MVC aplikace a presentery",
	author = "NetteFoundation",
	url = "http://doc.nette.org/cs/presenters{\#}toc-model",
	note = "[cit. 2012-05-05]",
	year = "2012"
}

@misc{latte,
	title = "Šablony Latte",
	author = "NetteFoundation",
	url = "http://doc.nette.org/cs/templating{\#}toc-latte",
	note = "[cit. 2012-05-05]",
	year = "2012"
}

@misc{twBootstrap,
	title = "Twitter Bootstrap",
	author = "Mark Otto, Jacob Thornton",
	url = "http://twitter.github.com/bootstrap/",
	note = "[cit. 2012-05-06]",
	year = "2012"
}

@misc{jquery,
	title = "jQuery",
	author = "jQueryFoundation",
	url = "http://jquery.com/",
	note = "[cit. 2012-05-06]",
	year = "2012"
}

@misc{neon,
	title = "NEON",
	author = "NetteFoundation",
	url = "http://ne-on.org/",
	note = "[cit. 2012-05-06]",
	year = "2012"
}

@misc{di,
	title = "Dependency injection",
	author = "NetteFoundation",
	url = "http://doc.nette.org/cs/dependency-injection{\#}toc-nette-di-container",
	note = "[cit. 2012-05-06]",
	year = "2012"
}

@misc{phpunit,
	title = "PHPUnit",
	author = "Sebastian Bergmann",
	url = "https://github.com/sebastianbergmann/phpunit",
	note = "[cit. 2012-05-07]",
	year = "2012"
}
@misc{netteDb,
	title = "PHPUnit",
	author = "NetteFoundation",
	url = "http://doc.nette.org/cs/database",
	note = "[cit. 2012-05-07]",
	year = "2012"
}







